@misc{asp_img,
	title = {Profiles of African Sign Languages and Deaf Culture - Algeria},
	note = {\url{https://africansignlanguagesresourcecenter.com/profiles-of-african-sign-languages-and-deaf-culture-54-countries/algeria/}}
}
@misc{flex,
	title = {Flex-Sensor-components101},
	note = {\url{https://components101.com/sensors/flex-sensor-working-circuit-datasheet}},
}
@misc{mpu-pinout,
	title = {Interfacing ESP32 with MPU6050},
	note = {\url{https://www.tutorialspoint.com/esp32_for_iot/interfacing_esp32_with_mpu6050.htm}},
}
@article{state_of_the_art,
	author = {Sahoo, Ashok and Mishra, Gouri and Ravulakollu, Kiran},
	title = {Sign language recognition: State of the art},
	year = {2014},
	month = {02},
	volume = {9},
	journal = {ARPN Journal of Engineering and Applied Sciences}
}
@article{ref-article,
	title={Exploiting domain transformation and deep learning for hand gesture recognition using a low-cost dataglove},
	author={Faisal, M. A. and Abir, F. F. and Ahmed, M. U. and Ahad, M. A.},
	journal={Scientific Reports},
	volume={12},
	number={1},
	pages={1-15},
	year={2022},
	doi={10.1038/s41598-022-25108-2}
}
@misc{fingerspelling,
	title = {Lifeprint Fingurespell Library}
	note = {\url{https://www.lifeprint.com/asl101/fingerspelling/index.htm}}
}
@inproceedings{wu2018american,
	title={American Sign Language fingerspelling classification using convolutional neural networks},
	author={Wu, J. K. and Gotmare, A. and Huang, G. and Manohar, P. and Prabhakar, R. K.},
	booktitle={Proceedings of the IEEE International Conference on Acoustics, Speech, and Signal Processing (ICASSP)},
	year={2018}
}
@inproceedings{baker2010sign,
	title={Sign language research and application: Linguistic and pedagogical implications},
	author={Baker, S. K. and Metzler, M. and Brennan, R. E.},
	booktitle={Proceedings of the Workshop on the Representation and Processing of Sign Languages: Beyond the Manual Channel},
	year={2010}
}
@article{lu2008database,
	title={A database and computational techniques for the analysis of the phonetic structure of American Sign Language},
	author={Lu, H. and Neidle, C. and Sclaroff, S.},
	journal={Computer Vision and Image Understanding},
	volume={110},
	number={3},
	pages={225-243},
	year={2008}
}
@inproceedings{starner1995real,
	title={Real-time American Sign Language recognition from video using hidden Markov models},
	author={Starner, T. and Pentland, A.},
	booktitle={Proceedings of the IEEE Computer Society Conference on Computer Vision and Pattern Recognition},
	year={1995}
}
@article{li2011framework,
	title={A framework for sign language recognition using sub-units},
	author={Li, J. and Zhao, G. and Pietik√§inen, M.},
	journal={Pattern Recognition Letters},
	volume={32},
	number={8},
	pages={1157-1163},
	year={2011}
}
@misc{ethnologue,
	title = {Algerian Sign Language - ethnologue},
	note = {\url{https://www.ethnologue.com/25/language/asp/}}
}
@thesis{teaching,
	author = {Hichem Abdelouafi and Mohammed Omari},
	title = {Teaching Sign Language to the Deaf Children in Adrar, Algeria},
	institution = {Ahmed Draia University - Adrar},
	date = {2018},
	pages = {12}
}
@misc{wiki,
	title = {Algerian Sign Language - wikipedia},
	date = {2022, December 31},
	note = {\url{https://en.wikipedia.org/wiki/Algerian_Sign_Language}}
}
@book{sara,
	author = {Sara Lanesman},
	title = {Algerian Jewish Sign Language: its emergence and survival},
	date = {2016},
	institution = {Ishara Press},
	isbn = {9780992922108},
	ocn = {97809,92922108},
	pages = {12}
}
@report{chalenges,
	author = {Hichem Abdelouafi},
	title = {Challenges of Deaf Education in Algeria},
	institution = {University of Adrar Algeria},
	date = {2020},
	pages = {12}
}
@misc{mpu,
	title = {MPU6050-components101},
	note = {\url{https://components101.com/sensors/mpu6050-module}},
}
@article{ozdemir2020bosphorussign22k,
	title={Bosphorussign22k sign language recognition dataset},
	author={{\"O}zdemir, O{\u{g}}ulcan and K{\i}nd{\i}ro{\u{g}}lu, Ahmet Alp and Camg{\"o}z, Necati Cihan and Akarun, Lale},
	journal={arXiv preprint arXiv:2004.01283},
	year={2020}
}
@inproceedings{guo2019dense,
	title={Dense Temporal Convolution Network for Sign Language Translation.},
	author={Guo, Dan and Wang, Shuo and Tian, Qi and Wang, Meng},
	booktitle={IJCAI},
	pages={744--750},
	year={2019}
}
@inproceedings{fang2017deepasl,
	title={Deepasl: Enabling ubiquitous and non-intrusive word and sentence-level sign language translation},
	author={Fang, Biyi and Co, Jillian and Zhang, Mi},
	booktitle={Proceedings of the 15th ACM conference on embedded network sensor systems},
	pages={1--13},
	year={2017}
}
@inproceedings{renz2021sign,
	title={Sign language segmentation with temporal convolutional networks},
	author={Renz, Katrin and Stache, Nicolaj C and Albanie, Samuel and Varol, G{\"u}l},
	booktitle={ICASSP 2021-2021 IEEE International Conference on Acoustics, Speech and Signal Processing (ICASSP)},
	pages={2135--2139},
	year={2021},
	organization={IEEE}
}
@inproceedings{mapari2016american,
	title={American static signs recognition using leap motion sensor},
	author={Mapari, Rajesh B and Kharat, Govind},
	booktitle={Proceedings of the Second International Conference on Information and Communication Technology for Competitive Strategies},
	pages={1--5},
	year={2016}
}
@inproceedings{khelil2016hand,
	title={Hand gesture recognition using leap motion controller for recognition of arabic sign language},
	author={Khelil, Bassem and Amiri, Hamid and Chen, T and Kamm{\"u}ller, F and Nemli, I and Probst, CW},
	booktitle={3rd International conference ACECS},
	volume={16},
	pages={233--238},
	year={2016}
}
@article{chong2018american,
	title={American sign language recognition using leap motion controller with machine learning approach},
	author={Chong, Teak-Wei and Lee, Boon-Giin},
	journal={Sensors},
	volume={18},
	number={10},
	pages={3554},
	year={2018},
	publisher={MDPI}
}
@inproceedings{faisal2021sensor,
	title={Sensor dataglove for real-time static and dynamic hand gesture recognition},
	author={Faisal, Md Ahasan Atick and Abir, Farhan Fuad and Ahmed, Mosabber Uddin},
	booktitle={2021 Joint 10th International Conference on Informatics, Electronics \& Vision (ICIEV) and 2021 5th International Conference on Imaging, Vision \& Pattern Recognition (icIVPR)},
	pages={1--7},
	year={2021},
	organization={IEEE}
}
@article{wen2021ai,
	title={AI enabled sign language recognition and VR space bidirectional communication using triboelectric smart glove},
	author={Wen, Feng and Zhang, Zixuan and He, Tianyiyi and Lee, Chengkuo},
	journal={Nature communications},
	volume={12},
	number={1},
	pages={5378},
	year={2021},
	publisher={Nature Publishing Group UK London}
}
@article{yu2019exploration,
	title={Exploration of Chinese sign language recognition using wearable sensors based on deep belief net},
	author={Yu, Yi and Chen, Xiang and Cao, Shuai and Zhang, Xu and Chen, Xun},
	journal={IEEE journal of biomedical and health informatics},
	volume={24},
	number={5},
	pages={1310--1320},
	year={2019},
	publisher={IEEE}
}